
@Manual{atmega32,
	author={Atmel},
	title={ATmega32A 8-bit Microcontroller with 32KBytes In-System Programmable Flash},
	year={2011},
	url={http://www.atmel.com/dyn/resources/prod_documents/doc8155.pdf},
}

@Book{mic,
 author={Muhammad Ali Mazidi and Sarmad Naimi and Sepehr Naimi},
 title={The AVR microcontroller and embedded systems: Using Assembly and C},
 publisher={Pearson Education, Inc.},
 year={2009},
 address={1 Lake Street, Upper Saddle River},
 edition={First},
 isbn={978-0-13-800331-9}
}

@Book{fysik,
 author={David Halliday and Robert Resnick and Jearl Walker},
 title={Principles of Physics International Student Version},
 publisher={John Wiley and Sons},
 year={2010},
 address={Hoboken},
 edition={Ninth},
 isbn={978-0-470-52463-3}
}

@Article{optimouse,
 author={T. W. Ng},
 title={The optical mouse as a two-dimensional displacement sensor},
 journal={SciVerse ScienceDirect},
 url={http://biofuturex.com/mouse/Manuscript/SAA2003_107_21.pdf?token=e478aa99dded84293dcadb2c618812a8120d8fc9|1306070661#PDFP},
 year={2003}
}