
@Manual{atmega32,
	author={Atmel},
	title={ATmega32A 8-bit Microcontroller with 32KBytes In-System Programmable Flash},
	year={2011},
	url={http://www.atmel.com/dyn/resources/prod_documents/doc8155.pdf},
}

@Book{mic,
 author={Muhammad Ali Mazidi and Sarmad Naimi and Sepehr Naimi},
 title={The AVR microcontroller and embedded systems: Using Assembly and C},
 publisher={Pearson Education, Inc.},
 year={2009},
 address={1 Lake Street, Upper Saddle River},
 edition={First},
 isbn={978-0-13-800331-9}
}

@Book{fysik,
 author={David Halliday and Robert Resnick and Jearl Walker},
 title={Principles of Physics International Student Version},
 publisher={John Wiley and Sons},
 year={2010},
 address={Hoboken},
 edition={Ninth},
 isbn={978-0-470-52463-3}
}

@Techreport{RUDP,
 author={T. Bova and T. Krivoruchka},
 title={Reliable UDP protocol},
 institution={Cisco Systems, Network Working Group},
 url={http://tools.ietf.org/pdf/draft-ietf-sigtran-reliable-udp-00.pdf},
 year={1999}
}
    
@Book{kreyzig,
 author={Erwin Kreyzig},
 title={Advanced Engineering Mathematics},
 publisher={John Wiley \& Sons, Inc.},
 year={2006},
 address={111 River Street, Hoboken, NJ},
 edition={9th},
 isbn={978-0-471-72897-9}
}