
@Book{adamsessex,
 author={Robert A. Adams and Christopher Essex},
 title={Calculus: A complete course},
 publisher={Pearson Canada, Inc.},
 year={2010},
 address={Toronto, Ontario},
 edition={7th},
 isbn={978-0-321-54928-0}
}

@Book{kreyzig,
 author={Erwin Kreyzig},
 title={Advanced Engineering Mathematics},
 publisher={John Wiley \& Sons, Inc.},
 year={2006},
 address={111 River Street, Hoboken, NJ},
 edition={9th},
 isbn={978-0-471-72897-9}
}